%%%%%%%%%%%%%%%%%%%%%%%%%%%%%%%%%%%%%%%%%
@Article{ardekani2018,
   Author="Ardekani, B. A.",
   Title="{A New Approach to Symmetric Registration of Longitudinal Structural {MRI} of the Human Brain}",
   Journal="Neuroinformatics",
   Year="2018 (under review)",
   Volume="",
   Number="",
   Pages=""
}

% 27662309 
@Article{pmid27662309,
   Author="Ardekani, B. A.  and Bermudez, E.  and Mubeen, A. M.  and Bachman, A. H. ",
   Title="{{P}rediction of {I}ncipient {A}lzheimer's {D}isease {D}ementia in {P}atients with {M}ild {C}ognitive {I}mpairment}",
   Journal="J. Alzheimers Dis.",
   Year="2017",
   Volume="55",
   Number="1",
   Pages="269--281"
}

% 12763240 
@Article{pmid12763240,
   Author="Li, D. F.  and Freeman, A. W.  and Tran-Dinh, H.  and Morris, J. G. ",
   Title="{{A} {C}artesian coordinate system for human cerebral cortex}",
   Journal="J. Neurosci. Methods",
   Year="2003",
   Volume="125",
   Number="1-2",
   Pages="137--145",
   Month="May"
}

% 22766673 
@Article{pmid22766673,
   Author="Sweeney, E. M.  and Shinohara, R. T.  and Shea, C. D.  and Reich, D. S.  and Crainiceanu, C. M. ",
   Title="{{A}utomatic lesion incidence estimation and detection in multiple sclerosis using multisequence longitudinal {M}{R}{I}}",
   Journal="AJNR Am J Neuroradiol",
   Year="2013",
   Volume="34",
   Number="1",
   Pages="68--73",
   Month="Jan"
}

% 28182655 
@Article{pmid28182655,
   Author="Bartel, F.  and Vrenken, H.  and Bijma, F.  and Barkhof, F.  and van Herk, M.  and de Munck, J. C. ",
   Title="{{R}egional analysis of volumes and reproducibilities of automatic and manual hippocampal segmentations}",
   Journal="PLoS ONE",
   Year="2017",
   Volume="12",
   Number="2",
   Pages="e0166785"
}

% 18302232 
@Article{pmid18302232,
   Author="Jack, C. R.  and Bernstein, M. A.  and Fox, N. C.  and Thompson, P.  and Alexander, G.  and Harvey, D.  and Borowski, B.  and Britson, P. J.  and L Whitwell, J.  and Ward, C.  and Dale, A. M.  and Felmlee, J. P.  and Gunter, J. L.  and Hill, D. L.  and Killiany, R.  and Schuff, N.  and Fox-Bosetti, S.  and Lin, C.  and Studholme, C.  and DeCarli, C. S.  and Krueger, G.  and Ward, H. A.  and Metzger, G. J.  and Scott, K. T.  and Mallozzi, R.  and Blezek, D.  and Levy, J.  and Debbins, J. P.  and Fleisher, A. S.  and Albert, M.  and Green, R.  and Bartzokis, G.  and Glover, G.  and Mugler, J.  and Weiner, M. W. ",
   Title="{{T}he {A}lzheimer's {D}isease {N}euroimaging {I}nitiative ({A}{D}{N}{I}): {M}{R}{I} methods}",
   Journal="J Magn Reson Imaging",
   Year="2008",
   Volume="27",
   Number="4",
   Pages="685--691",
   Month="Apr"
}

% 17714011 
@Article{pmid17714011,
   Author="Marcus, D. S.  and Wang, T. H.  and Parker, J.  and Csernansky, J. G.  and Morris, J. C.  and Buckner, R. L. ",
   Title="{{O}pen {A}ccess {S}eries of {I}maging {S}tudies ({O}{A}{S}{I}{S}): cross-sectional {M}{R}{I} data in young, middle aged, nondemented, and demented older adults}",
   Journal="J Cogn Neurosci",
   Year="2007",
   Volume="19",
   Number="9",
   Pages="1498--1507",
   Month="Sep"
}

% 9368118 
@Article{pmid9368118,
   Author="Freeborough, P. A.  and Fox, N. C. ",
   Title="{{T}he boundary shift integral: an accurate and robust measure of cerebral volume changes from registered repeat {M}{R}{I}}",
   Journal="IEEE Trans Med Imaging",
   Year="1997",
   Volume="16",
   Number="5",
   Pages="623--629",
   Month="Oct"
}

% 28364006 
@Article{pmid28364006,
   Author="Patel, N.  and Horsfield, M. A.  and Banahan, C.  and Thomas, A. G.  and Nath, M.  and Nath, J.  and Ambrosi, P. B.  and Chung, E. M. L. ",
   Title="{{D}etection of {F}ocal {L}ongitudinal {C}hanges in the {B}rain by {S}ubtraction of {M}{R} {I}mages}",
   Journal="AJNR Am J Neuroradiol",
   Year="2017",
   Volume="38",
   Number="5",
   Pages="923--927",
   Month="May"
}

@techreport{Devrim2003,
     title = {GENERALIZED PROCRUSTES ANALYSIS AND ITS
APPLICATIONS IN PHOTOGRAMMETRY},
     author = {Devrim, M.},
     Month="June",
     year = {2003},
     institution = {Institute of Geodesy and Photogrammetry, Swiss Federal Institute of Technology Zurich}
}

% 28392490 
@Article{pmid28392490,
   Author="Ghayoor, A.  and Vaidya, J. G.  and Johnson, H. J. ",
   Title="{{R}obust automated constellation-based landmark detection in human brain imaging}",
   Journal="Neuroimage",
   Year="2017",
   Month="Apr"
}

% 21869429 
@Article{pmid21869429,
   Author="Arun, K. S.  and Huang, T. S.  and Blostein, S. D. ",
   Title="{{L}east-squares fitting of two 3-d point sets}",
   Journal="IEEE Trans Pattern Anal Mach Intell",
   Year="1987",
   Volume="9",
   Number="5",
   Pages="698--700",
   Month="May"
}

% 8876014 
@Article{pmid8876014,
   Author="Arndt, S.  and Rajarethinam, R.  and Cizadlo, T.  and O'Leary, D.  and Downhill, J.  and Andreasen, N. C. ",
   Title="{{L}andmark-based registration and measurement of magnetic resonance images: a reliability study}",
   Journal="Psychiatry Res",
   Year="1996",
   Volume="67",
   Number="2",
   Pages="145--154",
   Month="Jul"
}

% 25977792 
@Article{pmid25977792,
   Author="Maclaren, J.  and Han, Z.  and Vos, S. B.  and Fischbein, N.  and Bammer, R. ",
   Title="{{R}eliability of brain volume measurements: a test-retest dataset}",
   Journal="Sci Data",
   Year="2014",
   Volume="1",
   Pages="140037"
}

% 7622696 
@Article{pmid7622696,
   Author="Ardekani, B. A.  and Braun, M.  and Hutton, B. F.  and Kanno, I.  and Iida, H. ",
   Title="{{A} fully automatic multimodality image registration algorithm}",
   Journal="J Comput Assist Tomogr",
   Year="1995",
   Volume="19",
   Number="4",
   Pages="615--623"
}

% 19195496 
@Article{pmid19195496,
   Author="Klein, A.  and Andersson, J.  and Ardekani, B. A.  and Ashburner, J.  and Avants, B.  and Chiang, M. C.  and Christensen, G. E.  and Collins, D. L.  and Gee, J.  and Hellier, P.  and Song, J. H.  and Jenkinson, M.  and Lepage, C.  and Rueckert, D.  and Thompson, P.  and Vercauteren, T.  and Woods, R. P.  and Mann, J. J.  and Parsey, R. V. ",
   Title="{{E}valuation of 14 nonlinear deformation algorithms applied to human brain {M}{R}{I} registration}",
   Journal="Neuroimage",
   Year="2009",
   Volume="46",
   Number="3",
   Pages="786--802",
   Month="Jul"
}

% 7890857 
@Article{pmid7890857,
   Author="Hajnal, J. V.  and Saeed, N.  and Soar, E. J.  and Oatridge, A.  and Young, I. R.  and Bydder, G. M. ",
   Title="{{A} registration and interpolation procedure for subvoxel matching of serially acquired {M}{R} images}",
   Journal="J Comput Assist Tomogr",
   Year="1995",
   Volume="19",
   Number="2",
   Pages="289--296"
}

% 21388857 
@Article{pmid21388857,
   Author="Holland, D.  and Dale, A. M. ",
   Title="{{N}onlinear registration of longitudinal images and measurement of change in regions of interest}",
   Journal="Med Image Anal",
   Year="2011",
   Volume="15",
   Number="4",
   Pages="489--497",
   Month="Aug"
}

% 14527567 
@Article{pmid14527567,
   Author="Liu, R. S.  and Lemieux, L.  and Bell, G. S.  and Sisodiya, S. M.  and Shorvon, S. D.  and Sander, J. W.  and Duncan, J. S. ",
   Title="{{A} longitudinal study of brain morphometrics using quantitative magnetic resonance imaging and difference image analysis}",
   Journal="Neuroimage",
   Year="2003",
   Volume="20",
   Number="1",
   Pages="22--33",
   Month="Sep"
}

% 10800036 
@Article{pmid10800036,
   Author="Nestares, O.  and Heeger, D. J. ",
   Title="{{R}obust multiresolution alignment of {M}{R}{I} brain volumes}",
   Journal="Magn Reson Med",
   Year="2000",
   Volume="43",
   Number="5",
   Pages="705--715",
   Month="May"
}

% 20637289 
@Article{pmid20637289,
   Author="Reuter, M.  and Rosas, H. D.  and Fischl, B. ",
   Title="{{H}ighly accurate inverse consistent registration: a robust approach}",
   Journal="Neuroimage",
   Year="2010",
   Volume="53",
   Number="4",
   Pages="1181--1196",
   Month="Dec"
}

% 26836168 
@Article{pmid26836168,
   Author="Ardekani, B. A.  and Convit, A.  and Bachman, A. H. ",
   Title="{{A}nalysis of the {M}{I}{R}{I}{A}{D} {D}ata {S}hows {S}ex {D}ifferences in {H}ippocampal {A}trophy {P}rogression}",
   Journal="J. Alzheimers Dis.",
   Year="2016",
   Volume="50",
   Number="3",
   Pages="847--857"
}

% 22430496 
@Article{pmid22430496,
   Author="Reuter, M.  and Schmansky, N. J.  and Rosas, H. D.  and Fischl, B. ",
   Title="{{W}ithin-subject template estimation for unbiased longitudinal image analysis}",
   Journal="Neuroimage",
   Year="2012",
   Volume="61",
   Number="4",
   Pages="1402--1418",
   Month="Jul"
}

% 23386806 
@Article{pmid23386806,
   Author="Ashburner, J.  and Ridgway, G. R. ",
   Title="{{S}ymmetric diffeomorphic modeling of longitudinal structural {M}{R}{I}}",
   Journal="Front Neurosci",
   Year="2012",
   Volume="6",
   Pages="197"
}

% 12482100 
@Article{pmid12482100,
   Author="Smith, S. M.  and Zhang, Y.  and Jenkinson, M.  and Chen, J.  and Matthews, P. M.  and Federico, A.  and De Stefano, N. ",
   Title="{{A}ccurate, robust, and automated longitudinal and cross-sectional brain change analysis}",
   Journal="Neuroimage",
   Year="2002",
   Volume="17",
   Number="1",
   Pages="479--489",
   Month="Sep"
}

% 9533596 
@Article{pmid9533596,
   Author="Ardekani, B. A.  and Kershaw, J.  and Braun, M.  and Kanno, I. ",
   Title="{{A}utomatic detection of the mid-sagittal plane in 3-{D} brain images}",
   Journal="IEEE Trans Med Imaging",
   Year="1997",
   Volume="16",
   Number="6",
   Pages="947--952",
   Month="Dec"
}

% 12071616 
@Article{pmid12071616,
   Author="Johnson, H. J.  and Christensen, G. E. ",
   Title="{{C}onsistent landmark and intensity-based image registration}",
   Journal="IEEE Trans Med Imaging",
   Year="2002",
   Volume="21",
   Number="5",
   Pages="450--461",
   Month="May"
}

% 11929100 
@Article{pmid11929100,
   Author="Prima, S.  and Ourselin, S.  and Ayache, N. ",
   Title="{{C}omputation of the mid-sagittal plane in 3-{D} brain images}",
   Journal="IEEE Trans Med Imaging",
   Year="2002",
   Volume="21",
   Number="2",
   Pages="122--138",
   Month="Feb"
}

% 23820390 
@Article{pmid23820390,
   Author="Jayasuriya, S. A.  and Liew, A. W.  and Law, N. F. ",
   Title="{{B}rain symmetry plane detection based on fractal analysis}",
   Journal="Comput Med Imaging Graph",
   Year="2013",
   Volume="37",
   Number="7-8",
   Pages="568--580"
}

% 25955855 
@Article{pmid25955855,
   Author="Liu, Y.  and Dawant, B. M. ",
   Title="{{A}utomatic localization of the anterior commissure, posterior commissure, and midsagittal plane in {M}{R}{I} scans using regression forests}",
   Journal="IEEE J Biomed Health Inform",
   Year="2015",
   Volume="19",
   Number="4",
   Pages="1362--1374",
   Month="Jul"
}

% 16997609 
@Article{pmid16997609,
   Author="Volkau, I.  and Bhanu Prakash, K. N.  and Ananthasubramaniam, A.  and Aziz, A.  and Nowinski, W. L. ",
   Title="{{E}xtraction of the midsagittal plane from morphological neuroimages using the {K}ullback-{L}eibler's measure}",
   Journal="Med Image Anal",
   Year="2006",
   Volume="10",
   Number="6",
   Pages="863--874",
   Month="Dec"
}

% 14683719 
@Article{pmid14683719,
   Author="Hu, Q.  and Nowinski, W. L. ",
   Title="{{A} rapid algorithm for robust and automatic extraction of the midsagittal plane of the human cerebrum from neuroimages based on local symmetry and outlier removal}",
   Journal="Neuroimage",
   Year="2003",
   Volume="20",
   Number="4",
   Pages="2153--2165",
   Month="Dec"
}

%%%%%%%%%%%%%%%%%%%%%%%%%%%%%%%%%%%%%%%%%
% AC/PC detection references
% 19264138 
% 16399031 
% 9368116 
@Article{pmid9368116,
   Author="Verard, L.  and Allain, P.  and Travere, J. M.  and Baron, J. C.  and Bloyet, D. ",
   Title="{{F}ully automatic identification of {A}{C} and {P}{C} landmarks on brain {M}{R}{I} using scene analysis}",
   Journal="IEEE Trans Med Imaging",
   Year="1997",
   Volume="16",
   Number="5",
   Pages="610--616",
   Month="Oct"
}

@Article{pmid16399031,
   Author="Bhanu Prakash, K. N.  and Hu, Q.  and Aziz, A.  and Nowinski, W. L. ",
   Title="{{R}apid and automatic localization of the anterior and posterior commissure point landmarks in {M}{R} volumetric neuroimages}",
   Journal="Acad Radiol",
   Year="2006",
   Volume="13",
   Number="1",
   Pages="36--54",
   Month="Jan"
}

@Article{pmid19264138,
   Author="Ardekani, B. A.  and Bachman, A. H. ",
   Title="{{M}odel-based automatic detection of the anterior and posterior commissures on {M}{R}{I} scans}",
   Journal="Neuroimage",
   Year="2009",
   Volume="46",
   Number="3",
   Pages="677--682",
   Month="Jul"
}

%%%%%%%%%%%%%%%%%%%%%%%%%%%%%%%%%%%%%%%%%


% 9343556 
@Article{pmid9343556,
   Author="Evans, A. C.  and Marrett, S.  and Neelin, P.  and Collins, L.  and Worsley, K.  and Dai, W.  and Milot, S.  and Meyer, E.  and Bub, D. ",
 Title="{{A}natomical mapping of functional activation in stereotactic coordinate space}",
   Journal="Neuroimage",
   Year="1992",
   Volume="1",
   Number="1",
   Pages="43--53",
   Month="Aug"
}

